%
%  all.bib     June 3, 2002     Mark Senn
%
%  This is the BibTeX data file for a simple, example thesis.
%
%  I like to order the entries by author, and within author by year.
%  If, for example, I later added a second 1994 publication for Goossens,
%  I would give it the key, ``Goossens:1994b''.
%  

%%%%%%%%%%%%%%% Introduction %%%%%%%%%%%%%%%%%%%%%%%%%%

@article{finak2014high,
  title={High-throughput flow cytometry data normalization for clinical trials},
  author={Finak, Greg and Jiang, Wenxin and Krouse, Kevin and Wei, Chungwen and Sanz, Ignacio and Phippard, Deborah and Asare, Adam and Rosa, Stephen C and Self, Steve and Gottardo, Raphael},
  journal={Cytometry Part A},
  volume={85},
  number={3},
  pages={277--286},
  year={2014},
  publisher={Wiley Online Library}
}


@article{hahne2009flowcore,
  title={flowCore: a Bioconductor package for high throughput flow cytometry},
  author={Hahne, Florian and LeMeur, Nolwenn and Brinkman, Ryan R and Ellis, Byron and Haaland, Perry and Sarkar, Deepayan and Spidlen, Josef and Strain, Errol and Gentleman, Robert},
  journal={BMC bioinformatics},
  volume={10},
  number={1},
  pages={106},
  year={2009},
  publisher={BioMed Central Ltd}
}



@phdthesis{azad2014algorithmic,
  title={An algorithmic pipeline for analyzing multi-parametric flow cytometry data},
  author={Azad, Ariful},
  year={2014},
  school={Purdue University}
}


@book{shapiro2005practical,
  title={Practical Flow Cytometry},
  author={Shapiro, Howard M},
  year={2005},
  publisher={Wiley-Liss}
}


@article{peters2011leukemia,
  title={Multiparameter flow cytometry in the diagnosis and management of acute leukemia},
  author={Peters, John M and Ansari, M Qasim},
  journal={Archives of Pathology \& Laboratory Medicine},
  volume={135},
  number={1},
  pages={44--54},
  year={2011},
  publisher={College of American Pathologist}
}

@article{seder2008t,
  title={T-cell quality in memory and protection: implications for vaccine design},
  author={Seder, Robert A and Darrah, Patricia A and Roederer, Mario},
  journal={Nature Reviews Immunology},
  volume={8},
  number={4},
  pages={247--258},
  year={2008},
  publisher={Nature Publishing Group}
}

@article{perfetto2004seventeen,
  title={Seventeen-colour flow cytometry: unravelling the immune system},
  author={Perfetto, Stephen P and Chattopadhyay, Pratip K and Roederer, Mario},
  journal={Nature Reviews Immunology},
  volume={4},
  number={8},
  pages={648--655},
  year={2004},
  publisher={Nature Publishing Group}
}


@book{coico2009immunology,
  title={Immunology: A Short Course},
  author={Coico, Richard and Sunshine, Geoffrey},
  year={2009},
  publisher={Wiley-Blackwell}
}


@book{ekstrom2011introduction,
  title={Introduction to Statistical Data Analysis for the Life Sciences},
  author={Ekstr{\o}m, Claus Thorn and S{\o}rensen, Helle},
  year={2011},
  publisher={CRC Press}
}


@book{hosmer2013applied,
  title={Applied Logistic Regression},
  author={Hosmer Jr, David W and Lemeshow, Stanley and Sturdivant, Rodney X},
  year={2013},
  publisher={Wiley. com}
}


@article{mellors1997plasma,
  title={Plasma viral load and {CD4}$^+$ lymphocytes as prognostic markers of {HIV}-1 infection},
  author={Mellors, John W and Munoz, Alvaro and Giorgi, Janis V and Margolick, Joseph B and Tassoni, Charles J and Gupta, Phalguni and Kingsley, Lawrence A and Todd, John A and Saah, Alfred J and Detels, Roger and others},
  journal={Annals of Internal Medicine},
  volume={126},
  number={12},
  pages={946--954},
  year={1997},
  publisher={Am Coll Physicians}
}



%%%%%%%%%%%%%%%%%%%%% general tools %%%%%%%%%%%%%%%%%%%%
@article{spidlen2013genepattern,
  title={GenePattern flow cytometry suite},
  author={Spidlen, Josef and Barsky, Aaron and Breuer, Karin and Carr, Peter and Nazaire, Marc-Danie and Hill, Barbara A and Qian, Yu and Liefeld, Ted and Reich, Michael and Mesirov, Jill P and Wilkinson, Peter and Scheuermann, Richard H and Sekaly, Rafick-Pierre and Brinkman, Ryan R},
  journal={Source Code for Biology and Medicine},
  volume={8},
  number={1},
  pages={14},
  year={2013},
  publisher={BioMed Central Ltd}
}

@article{kotecha2010web,
  title={Web-based analysis and publication of flow cytometry experiments},
  author={Kotecha, Nikesh and Krutzik, Peter O and Irish, Jonathan M},
  journal={Current Protocols in Cytometry},
  volume={10},
  year={2010},
  publisher={Wiley Online Library}
}


@article{gentleman2004bioconductor,
  title={Bioconductor: Open software development for computational biology and bioinformatics},
  author={Gentleman, Robert C and Carey, Vincent J and Bates, Douglas M and Bolstad, Ben and Dettling, Marcel and Dudoit, Sandrine and Ellis, Byron and Gautier, Laurent and Ge, Yongchao and Gentry, Jeff and others},
  journal={Genome Biology},
  volume={5},
  number={10},
  pages={R80},
  year={2004},
  publisher={BioMed Central Ltd}
}



@article{aghaeepour2012early,
  title={Early immunologic correlates of {HIV} protection can be identified from computational analysis of complex multivariate {T}-cell flow cytometry assays},
  author={Aghaeepour, Nima and Chattopadhyay, Pratip K and Ganesan, Anuradha and O'Neill, Kieran and Zare, Habil and Jalali, Adrin and Hoos, Holger H and Roederer, Mario and Brinkman, Ryan R},
  journal={Bioinformatics},
  volume={28},
  number={7},
  pages={1009--1016},
  year={2012},
  publisher={Oxford Univ Press}
}

@article{qiu2011extracting,
  title={Extracting a cellular hierarchy from high-dimensional cytometry data with {SPADE}},
  author={Qiu, Peng and Simonds, Erin F and Bendall, Sean C and Gibbs Jr, Kenneth D and Bruggner, Robert V and Linderman, Michael D and Sachs, Karen and Nolan, Garry P and Plevritis, Sylvia K},
  journal={Nature Biotechnology},
  volume={29},
  number={10},
  pages={886--891},
  year={2011},
  publisher={Nature Publishing Group}
}


@article{robinson2012computational,
  title={Computational analysis of high-throughput flow cytometry data},
  author={Robinson, J Paul and Rajwa, Bartek and Patsekin, Valery and Davisson, Vincent Jo},
  journal={Expert Opinion on Drug Discovery},
  volume={7},
  number={8},
  pages={679--693},
  year={2012},
  publisher={Informa UK, Ltd. London}
}

@article{maecker2012new,
  title={New tools for classification and monitoring of autoimmune diseases},
  author={Maecker, Holden T and Lindstrom, Tamsin M and Robinson, William H and Utz, Paul J and Hale, Matthew and Boyd, Scott D and Shen-Orr, Shai S and Fathman, C Garrison},
  journal={Nature Reviews Rheumatology},
  volume={8},
  number={6},
  pages={317--328},
  year={2012},
  publisher={Nature Publishing Group}
}


@article{sarkar2008using,
  title={Using flowViz to visualize flow cytometry data},
  author={Sarkar, Deepayan and Le Meur, N and Gentleman, Robert},
  journal={Bioinformatics},
  volume={24},
  number={6},
  pages={878--879},
  year={2008},
  publisher={Oxford Univ Press}
}

@article{lo2009flowclust,
  title={flowClust: A Bioconductor package for automated gating of flow cytometry data},
  author={Lo, Kenneth and Hahne, Florian and Brinkman, Ryan and Gottardo, Raphael},
  journal={{BMC} Bioinformatics},
  volume={10},
  number={1},
  pages={145},
  year={2009},
  publisher={BioMed Central Ltd}
}



@article{scheuermann2009immport,
  title={{ImmPortFLOCK}: Automated cell population identification in high dimensional flow cytometry data},
  author={Scheuermann, R and Qian, Y and Wei, C and Sanz, I},
  journal={The Journal of Immunology},
  volume={182},
  number={Meeting Abstracts 1},
  pages={42--17},
  year={2009}
}

%%%%%%%%%%%%%%%%%%%%% spectral unmixing %%%%%%%%%%%%%%%%%%%%

@article{roederer2001spectral,
  title={Spectral compensation for flow cytometry: Visualization artifacts, limitations, and caveats},
  author={Roederer, Mario},
  journal={Cytometry},
  volume={45},
  number={3},
  pages={194--205},
  year={2001},
  publisher={Wiley Online Library}
}


@article{Bagwell1993,
 author               = {Bagwell, C. B. and Adams, E. G.},
 doi                  = {10.1111/j.1749-6632.1993.tb38775.x},
 issn                 = {1749-6632},
 journal              = {Annals of the New York Academy of Sciences},
 number               = {1},
 pages                = {167--184},
 title                = {Fluorescence spectral overlap compensation for any number of flow cytometry parameters},
 volume               = {677},
 year                 = {1993},
 }
 
 @article{Novo2013,
 author               = {Novo, David and Gr\'egori, G\'erald and Rajwa, Bartek},
 doi                  = {10.1002/cyto.a.22272},
 issn                 = {1552-4930},
 journal              = {Cytometry Part A},
 month                = {May},
 number               = {5},
 pages                = {508--520},
 title                = {Generalized unmixing model for multispectral flow cytometry utilizing nonsquare compensation matrices},
 volume               = {83},
 year                 = {2013},
 }

@article{snow2004flow,
  title={Flow cytometer electronics},
  author={Snow, Christopher},
  journal={Cytometry Part A},
  volume={57},
  number={2},
  pages={63--69},
  year={2004},
  publisher={Wiley Online Library}
}

%%%%%%%%%%%%%%%Data quality assessment %%%%%%%%%%
@article{le2007data,
  title={Data quality assessment of ungated flow cytometry data in high throughput experiments},
  author={Le Meur, Nolwenn and Rossini, Anthony and Gasparetto, Maura and Smith, Clay and Brinkman, Ryan R and Gentleman, Robert},
  journal={Cytometry Part A},
  volume={71},
  number={6},
  pages={393--403},
  year={2007},
  publisher={Wiley Online Library}
}


@article{perfetto2006amine,
  title={Amine reactive dyes: An effective tool to discriminate live and dead cells in polychromatic flow cytometry},
  author={Perfetto, Stephen P and Chattopadhyay, Pratip K and Lamoreaux, Laurie and Nguyen, Richard and Ambrozak, David and Koup, Richard A and Roederer, Mario},
  journal={Journal of Immunological Methods},
  volume={313},
  number={1},
  pages={199--208},
  year={2006},
  publisher={Elsevier}
}

%%%%%%%%%%%%%%%Data transformation and variance stabilization %%%%%%%%%%

@article{huber2002variance,
  title={Variance stabilization applied to microarray data calibration and to the quantification of differential expression},
  author={Huber, W. and Von Heydebreck, A. and S{\"u}ltmann, H. and Poustka, A. and Vingron, M.},
  journal={Bioinformatics},
  volume={18},
  number={suppl 1},
  pages={S96--S104},
  year={2002},
  publisher={Oxford Univ Press}
}

@article{bagwell2005hyperlog,
  title={Hyperlog -- {A} flexible log-like transform for negative, zero, and positive valued data},
  author={Bagwell, C.B.},
  journal={Cytometry Part A},
  volume={64},
  number={1},
  pages={34--42},
  year={2005},
  publisher={Wiley Online Library}
}

@article{parks2006new,
  title={A new logicle display method avoids deceptive effects of logarithmic scaling for low signals and compensated data},
  author={Parks, D.R. and Roederer, M. and Moore, W.A.},
  journal={Cytometry Part A},
  volume={69},
  number={6},
  pages={541--551},
  year={2006},
  publisher={Wiley Online Library}
}


@article{novo2008flow,
  title={Flow cytometry histograms: Transformations, resolution, and display},
  author={Novo, D. and Wood, J.},
  journal={Cytometry Part A},
  volume={73},
  number={8},
  pages={685--692},
  year={2008},
  publisher={Wiley Online Library}
}


@article{dvorak2005modified,
  title={Modified {B}ox-{C}ox transform for modulating the dynamic range of flow cytometry data},
  author={Dvorak, J.A. and Banks, S.M.},
  journal={Cytometry},
  volume={10},
  number={6},
  pages={811--813},
  year={2005},
  publisher={Wiley Online Library}
}


@article{finak2010optimizing,
  title={Optimizing transformations for automated, high throughput analysis of flow cytometry data},
  author={Finak, G. and Perez, J.M. and Weng, A. and Gottardo, R.},
  journal={{BMC} Bioinformatics},
  volume={11},
  number={1},
  pages={546},
  year={2010},
  publisher={BioMed Central Ltd}
}

@article{ray2012computational,
  title={A computational framework to emulate the human perspective in flow cytometric data analysis},
  author={Ray, S. and Pyne, S.},
  journal={PLoS One},
  volume={7},
  number={5},
  pages={e35693},
  year={2012},
  publisher={Public Library of Science}
}

@article{Bartlett1937,
 author               = {Bartlett, M.S.},
 journal              = {Proceedings of the Royal Society of London. Series A: Mathematical and Physical Sciences},
 number               = {901},
 pages                = {268--282},
 publisher            = {The Royal Society},
 title                = {Properties of sufficiency and statistical tests},
 volume               = {160},
 year                 = {1937},
 }
 
 @article{hahne2010per,
  title={Per-channel basis normalization methods for flow cytometry data},
  author={Hahne, F. and Khodabakhshi, A.H. and Bashashati, A. and Wong, C.J. and Gascoyne, R.D. and Weng, A.P. and Seyfert-Margolis, V. and Bourcier, K. and Asare, A. and Lumley, T. and others},
  journal={Cytometry Part A},
  volume={77},
  number={2},
  pages={121--131},
  year={2010},
  publisher={Wiley Online Library}
}



@article{qian2012fcstrans,
  title={{FCSTrans}: An open source software system for FCS file conversion and data transformation},
  author={Qian, Yu and Liu, Yue and Campbell, John and Thomson, Elizabeth and Kong, Y Megan and Scheuermann, Richard H},
  journal={Cytometry Part A},
  volume={81},
  number={5},
  pages={353--356},
  year={2012},
  publisher={Wiley Online Library}
}


% QQ plot
@article{wilk1968probability,
  title={Probability plotting methods for the analysis for the analysis of data},
  author={Wilk, Martin B and Gnanadesikan, Ram},
  journal={Biometrika},
  volume={55},
  number={1},
  pages={1--17},
  year={1968},
  publisher={Biometrika Trust}
}


% general variance stabilization and microarrays
@article{schena1995quantitative,
  title={Quantitative monitoring of gene expression patterns with a complementary {DNA} microarray},
  author={Schena, Mark and Shalon, Dari and Davis, Ronald W and Brown, Patrick O},
  journal={Science},
  volume={270},
  number={5235},
  pages={467--470},
  year={1995},
  publisher={American Association for the Advancement of Science}
}

@article{motakis2006variance,
  title={Variance stabilization and normalization for one-color microarray data using a data-driven multiscale approach},
  author={Motakis, ES and Nason, Guy P and Fryzlewicz, Piotr and Rutter, GA},
  journal={Bioinformatics},
  volume={22},
  number={20},
  pages={2547--2553},
  year={2006},
  publisher={Oxford Univ Press}
}

@inproceedings{fryzlewicz2005data,
  title={A data-driven Haar-Fisz transform for multiscale variance stabilization},
  author={Fryzlewicz, Piotr and Delouille, Veronique},
  booktitle={IEEE/SP 13th Workshop on Statistical Signal Processing},
  pages={539--544},
  year={2005},
  organization={IEEE}
}


@article{durbin2002variance,
  title={A variance-stabilizing transformation for gene-expression microarray data},
  author={Durbin, Blythe P and Hardin, Johanna S and Hawkins, Douglas M and Rocke, David M},
  journal={Bioinformatics},
  volume={18},
  number={suppl 1},
  pages={S105--S110},
  year={2002},
  publisher={Oxford Univ Press}
}


@article{chen1997ratio,
  title={Ratio-based decisions and the quantitative analysis of {cDNA} microarray images},
  author={Chen, Yidong and Dougherty, Edward R and Bittner, Michael L},
  journal={Journal of Biomedical optics},
  volume={2},
  number={4},
  pages={364--374},
  year={1997},
  publisher={International Society for Optics and Photonics}
}



@article{anscombe1948transformation,
  title={The transformation of Poisson, binomial and negative-binomial data},
  author={Anscombe, Francis J},
  journal={Biometrika},
  volume={35},
  number={3/4},
  pages={246--254},
  year={1948},
  publisher={JSTOR}
}


@article{bar1988classical,
  title={On the classical choice of variance stabilizing transformations and an application for a Poisson variate},
  author={Bar-Lev, Shaul K and Enis, Peter},
  journal={Biometrika},
  volume={75},
  number={4},
  pages={803--804},
  year={1988},
  publisher={Biometrika Trust}
}


@article{bartlett1936square,
  title={The square root transformation in analysis of variance},
  author={Bartlett, MSo},
  journal={Supplement to the Journal of the Royal Statistical Society},
  volume={3},
  number={1},
  pages={68--78},
  year={1936},
  publisher={JSTOR}
}

@article{levene1960robust,
  title={Robust tests for equality of variances1},
  author={Levene, Howard},
  journal={Contributions to Probability and Statistics: Essays in Honor of Harold Hotelling},
  volume={2},
  pages={278},
  year={1960}
}

@article{brown1974robust,
  title={Robust tests for the equality of variances},
  author={Brown, Morton B and Forsythe, Alan B},
  journal={Journal of the American Statistical Association},
  volume={69},
  number={346},
  pages={364--367},
  year={1974},
  publisher={Taylor \& Francis Group}
}



@article{efron1982transformation,
  title={Transformation theory: How normal is a family of distributions?},
  author={Efron, Bradley},
  journal={The Annals of Statistics},
  volume={10},
  number={2},
  pages={323--339},
  year={1982},
  publisher={Institute of Mathematical Statistics}
}

@article{tibshirani1988estimating,
  title={Estimating transformations for regression via additivity and variance stabilization},
  author={Tibshirani, Robert},
  journal={Journal of the American Statistical Association},
  volume={83},
  number={402},
  pages={394--405},
  year={1988},
  publisher={Taylor \& Francis Group}
}


@article{zhang2008wavelets,
  title={Wavelets, ridgelets, and curvelets for Poisson noise removal},
  author={Zhang, Bo and Fadili, Jalal M and Starck, Jean-Luc},
  journal={IEEE Transactions on Image Processing},
  volume={17},
  number={7},
  pages={1093--1108},
  year={2008},
  publisher={IEEE}
}



%%%%%%%%%%%%%%%%%% R Packages %%%%%%%%%%%%%%%%%%


@Manual{manual_flowMeans,
    title = {flowMeans: Non-parametric flow cytometry data gating},
    author = {Nima Aghaeepour},
    note = {R package version 1.15, available at http://www.bioconductor.org},
  }


@Manual{hahne2010flowstats,
    title = {{flowStats}: Statistical methods for the analysis of flow cytometry data},
    author = {Hahne, F and Gopalakrishnan, N and Khodabakhshi, AH and Wong, CJ},
    note = {R package version 3.20, available at http://www.bioconductor.org},
  }



@Article{fastcluster,
    title = {{fastcluster}: Fast Hierarchical, Agglomerative Clustering
      Routines for {R} and {Python}},
    author = {Daniel M\"ullner},
    journal = {Journal of Statistical Software},
    year = {2013},
    volume = {53},
    number = {9},
    pages = {1--18},
    url = {http://www.jstatsoft.org/v53/i09/},
  }
  
%% GMM
 @Manual{lebret2012rmixmod,
    title = {Rmixmod: An interface of MIXMOD},
    author = {Remi Lebret and Serge Iovleff and Florent Langrognet},
    note = {R package version 2.0.1, available at http://cran.r-project.org},
  }
 

@Manual{R_kmeans,
    title = {R: A language and environment for statistical computing},
    author = {{R Development Core Team}},
    organization = {R Foundation for Statistical Computing},
    address = {Vienna, Austria},
    year = {2012},
    url = {http://www.R-project.org/},
  }
  
  %% Clara
 @Manual{cluster_manual,
    title = {Cluster: Cluster analysis basics and extensions},
    author = {Maechler, Martin and Rousseeuw, Peter and Struyf, Anja and Hubert, Mia and Hornik, K},
    note = {R package version 1.14.4, available at http://cran.r-project.org},
  }



@Manual{manual_clv,
    title = {clv: Cluster validation techniques},
    author = {Lukasz Nieweglowski.},
    note = {R package version 0.3.2, available at http://cran.r-project.org},
  }

@Manual{manual_clusterCrit,
    title = {clusterCrit: Clustering indices},
    author = {Bernard Desgraupes},
    note = {R package version 1.2.3, available at http://cran.r-project.org},
  }


@Manual{manual_clvalid,
    title = {clValid: Validation of clustering results},
    author = {Guy Brock and Vasyl Pihur and Susmita Datta and Somnath Datta},
    year = {2011},
    note = {R package version 0.6-4},
    url = {http://CRAN.R-project.org/package=clValid},
  }



%%%%%%%%%%%%%%%%%% Clustering %%%%%%%%%%%%%%%%%%

%%%% basic algorithms

%% K-means
@article{hartigan1979algorithm,
  title={Algorithm {AS} 136: A k-means clustering algorithm},
  author={Hartigan, John A and Wong, Manchek A},
  journal={Journal of the Royal Statistical Society. Series C (Applied Statistics)},
  volume={28},
  number={1},
  pages={100--108},
  year={1979},
  publisher={JSTOR}
}


@article{lloyd1982least,
  title={Least squares quantization in {PCM}},
  author={Lloyd, Stuart},
  journal={IEEE Transactions on Information Theory},
  volume={28},
  number={2},
  pages={129--137},
  year={1982},
  publisher={IEEE}
}



@book{kaufman2009finding,
  title={Finding Groups in Data: An Introduction to Cluster Analysis},
  author={Kaufman, Leonard and Rousseeuw, Peter J},
  volume={344},
  year={2009},
  publisher={Wiley}
}


%%SOTA algorithm 
  @article{herrero2001sota,
  title={A hierarchical unsupervised growing neural network for clustering gene expression patterns},
  author={Herrero, J. and Valencia, A. and Dopazo, J.},
  journal={Bioinformatics},
  volume={17},
  number={2},
  pages={126--136},
  year={2001},
  publisher={Oxford Univ Press}
}

@article{brock2011clvalid,
  title={{clValid}, an {R} package for cluster validation},
  author={Brock, Guy and Pihur, Vasyl and Datta, Susmita and Datta, Somnath},
  journal={Journal of Statistical Software},
  volume={25},
  number={4},
  publisher={Oxford Univ Press},
  year={2008}
}


%% spectral 
@inproceedings{yan2009fastSpec,
  title={Fast approximate spectral clustering},
  author={Yan, D. and Huang, L. and Jordan, M.I.},
  booktitle={Proceedings of the International Conference on Knowledge Discovery and Data Mining ({ACM SIGKDD})},
  pages={907--916},
  year={2009},
  organization={ACM}
}

@article{karatzoglou2004kernlab,
  title={Kernlab--An {S4} package for kernel methods in {R}},
  author={Zeileis, Achim and Hornik, Kurt and Smola, Alex and Karatzoglou, Alexandros},
  journal={Journal of Statistical Software},
  volume={11},
  number={9},
  pages={1--20},
  year={2004},
  publisher={American Statistical Association}
}



@article{von2007tutorial,
  title={A tutorial on spectral clustering},
  author={Von Luxburg, Ulrike},
  journal={Statistics and Computing},
  volume={17},
  number={4},
  pages={395--416},
  year={2007},
  publisher={Springer}
}




@article{aghaeepour2013critical,
  title={Critical assessment of automated flow cytometry data analysis techniques},
  author={Aghaeepour, Nima and Finak, Greg and Hoos, Holger and Mosmann, Tim R and Brinkman, Ryan and Gottardo, Raphael and Scheuermann, Richard H and others},
  journal={Nature Methods},
  volume={10},
  number={3},
  pages={228--238},
  year={2013},
  publisher={Nature Publishing Group}
}


@article{chan2008statistical,
  title={Statistical mixture modeling for cell subtype identification in flow cytometry},
  author={Chan, Cliburn and Feng, Feng and Ottinger, Janet and Foster, David and West, Mike and Kepler, Thomas B},
  journal={Cytometry Part A},
  volume={73},
  number={8},
  pages={693--701},
  year={2008},
  publisher={Wiley Online Library}
}



@article{lo2008automated,
  title={Automated gating of flow cytometry data via robust model-based clustering},
  author={Lo, K. and Brinkman, R.R. and Gottardo, R.},
  journal={Cytometry Part A},
  volume={73},
  number={4},
  pages={321--332},
  year={2008},
  publisher={Wiley Online Library}
}


@article{finak2009merging,
  title={Merging mixture components for cell population identification in flow cytometry},
  author={Finak, Greg and Bashashati, Ali and Brinkman, Ryan and Gottardo, Rapha{\"e}l},
  journal={Advances in Bioinformatics},
  volume={2009},
  year={2009},
  publisher={Hindawi Publishing Corporation}
}


@article{pyne2009automated,
  title={Automated high-dimensional flow cytometric data analysis},
  author={Pyne, S. and Hu, X. and Wang, K. and Rossin, E. and Lin, T.I. and Maier, L.M. and Baecher-Allan, C. and McLachlan, G.J. and Tamayo, P. and Hafler, D.A. and others},
  journal={Proceedings of the National Academy of Sciences},
  volume={106},
  number={21},
  pages={8519--8524},
  year={2009},
  publisher={National Acad Sciences}
}


@article{bashashati2009survey,
  title={A survey of flow cytometry data analysis methods},
  author={Bashashati, Ali and Brinkman, Ryan R},
  journal={Advances in Bioinformatics},
  volume={2009},
  year={2009},
  publisher={Hindawi Publishing Corporation}
}


@article{qian2010elucidation,
  title={Elucidation of seventeen human peripheral blood {B}-cell subsets and quantification of the tetanus response using a density-based method for the automated identification of cell populations in multidimensional flow cytometry data},
  author={Qian, Yu and Wei, Chungwen and Eun-Hyung Lee, F and Campbell, John and Halliley, Jessica and Lee, Jamie A and Cai, Jennifer and Kong, Y Megan and Sadat, Eva and Thomson, Elizabeth and others},
  journal={Cytometry Part B: Clinical Cytometry},
  volume={78},
  number={S1},
  pages={S69--S82},
  year={2010},
  publisher={Wiley Online Library}
}


@article{walther2009automatic,
  title={Automatic clustering of flow cytometry data with density-based merging},
  author={Walther, Guenther and Zimmerman, Noah and Moore, Wayne and Parks, David and Meehan, Stephen and Belitskaya, Ilana and Pan, Jinhui and Herzenberg, Leonore},
  journal={Advances in Bioinformatics},
  volume={2009},
  year={2009},
  publisher={Hindawi Publishing Corporation}
}


@article{aghaeepour2011rapid,
  title={Rapid cell population identification in flow cytometry data},
  author={Aghaeepour, Nima and Nikolic, Radina and Hoos, Holger H and Brinkman, Ryan R},
  journal={Cytometry Part A},
  volume={79},
  number={1},
  pages={6--13},
  year={2011},
  publisher={Wiley Online Library}
}

@article{sugar2010misty,
  title={Misty Mountain clustering: Application to fast unsupervised flow cytometry gating},
  author={Sug{\'a}r, Istv{\'a}n P and Sealfon, Stuart C},
  journal={{BMC} Bioinformatics},
  volume={11},
  number={1},
  pages={502},
  year={2010},
  publisher={BioMed Central Ltd}
}

@article{naumann2010curvhdr,
  title={The {curvHDR} method for gating flow cytometry samples},
  author={Naumann, Ulrike and Luta, George and Wand, Matthew},
  journal={{BMC} Bioinformatics},
  volume={11},
  number={1},
  pages={44},
  year={2010},
  publisher={BioMed Central Ltd}
}


@article{quinn2007statistical,
  title={A statistical pattern recognition approach for determining cellular viability and lineage phenotype in cultured cells and murine bone marrow},
  author={Quinn, John and Fisher, Paul W and Capocasale, Renold J and Achuthanandam, Ram and Kam, Moshe and Bugelski, Peter J and Hrebien, Leonid},
  journal={Cytometry Part A},
  volume={71},
  number={8},
  pages={612--624},
  year={2007},
  publisher={Wiley Online Library}
}



  
  
  @article{SamSPECTRAL,
  title={Data reduction for spectral clustering to analyze high throughput flow cytometry data},
  author={Zare, H. and Shooshtari, P. and Gupta, A. and Brinkman, R.R.},
  journal={{BMC} Bioinformatics},
  volume={11},
  number={1},
  pages={403},
  year={2010},
  publisher={BioMed Central Ltd}
}


@inproceedings{naim2010swift,
  title={{SWIFT}: Scalable weighted iterative sampling for flow cytometry clustering},
  author={Naim, Iftekhar and Datta, Suprakash and Sharma, Gaurav and Cavenaugh, James S and Mosmann, Tim R},
  booktitle={IEEE International Conference on Acoustics Speech and Signal Processing (ICASSP)},
  pages={509--512},
  year={2010},
  organization={IEEE}
}




@article{zare2010data,
  title={Data reduction for spectral clustering to analyze high throughput flow cytometry data},
  author={Zare, Habil and Shooshtari, Parisa and Gupta, Arvind and Brinkman, Ryan},
  journal={{BMC} Bioinformatics},
  volume={11},
  number={1},
  pages={403},
  year={2010},
  publisher={BioMed Central Ltd}
}



@article{jain1999data,
  title={Data clustering: A review},
  author={Jain, Anil K and Murty, M Narasimha and Flynn, Patrick J},
  journal={{ACM} Computing Surveys ({CSUR})},
  volume={31},
  number={3},
  pages={264--323},
  year={1999},
  publisher={ACM}
}


@book{gan2007clusteringBook,
  title={Data Clustering: Theory, Algorithms, and Applications},
  author={Gan, Guojun and Ma, Chaoqun and Wu, Jianhong},
  volume={20},
  year={2007},
  publisher={SIAM}
}




@article{ramze1998new,
  title={A new cluster validity index for the fuzzy c-mean},
  author={Ramze Rezaee, M and Lelieveldt, Boudewijn PF and Reiber, Johan HC},
  journal={Pattern Recognition Letters},
  volume={19},
  number={3},
  pages={237--246},
  year={1998},
  publisher={Elsevier}
}

@article{xie1991validity,
  title={A validity measure for fuzzy clustering},
  author={Xie, Xuanli Lisa and Beni, Gerardo},
  journal={IEEE Transactions on Pattern Analysis and Machine Intelligence},
  volume={13},
  number={8},
  pages={841--847},
  year={1991},
  publisher={IEEE}
}

@article{pal1995cluster,
  title={On cluster validity for the fuzzy c-means model},
  author={Pal, Nikhil R and Bezdek, James C},
  journal={ IEEE Transactions on Fuzzy Systems},
  volume={3},
  number={3},
  pages={370--379},
  year={1995},
  publisher={IEEE}
}



@article{halkidi2001clustering,
  title={On clustering validation techniques},
  author={Halkidi, Maria and Batistakis, Yannis and Vazirgiannis, Michalis},
  journal={Journal of Intelligent Information Systems},
  volume={17},
  number={2-3},
  pages={107--145},
  year={2001},
  publisher={Springer}
}



%%%%%%%% parallel clustering 

@incollection{zhao2009parallel,
  title={Parallel k-means clustering based on {MapReduce}},
  author={Zhao, Weizhong and Ma, Huifang and He, Qing},
  booktitle={Cloud Computing},
  pages={674--679},
  year={2009},
  publisher={Springer}
}


@incollection{foti2000scalable,
  title={Scalable parallel clustering for data mining on multicomputers},
  author={Foti, D and Lipari, D and Pizzuti, Clara and Talia, Domenico},
  booktitle={Parallel and Distributed Processing},
  pages={390--398},
  year={2000},
  publisher={Springer}
}


@article{li1989parallel,
  title={Parallel clustering algorithms},
  author={Li, Xiaobo and Fang, Zhixi},
  journal={Parallel Computing},
  volume={11},
  number={3},
  pages={275--290},
  year={1989},
  publisher={Elsevier}
}



%%%%%%% consensus clustering %%%%%%%%%
@incollection{hornik2008hard,
  title={Hard and soft Euclidean consensus partitions},
  author={Hornik, Kurt and B{\"o}hm, Walter},
  booktitle={Data Analysis, Machine Learning and Applications},
  pages={147--154},
  year={2008},
  publisher={Springer}
}

  @manual{clue_manual,
    title = {clue: Cluster ensembles},
    author = {Kurt Hornik},
    year = {2013},
    note = {R package version 0.3-47.},
    url = {http://CRAN.R-project.org/package=clue},
  }

  @article{hornik2008clue,
    title = {A {CLUE} for {CLUster Ensembles}},
    author = {Kurt Hornik},
    year = {2005},
    journal = {Journal of Statistical Software},
    volume = {14},
    number = {12},
    url = {http://www.jstatsoft.org/v14/i12/},
    month = {September},
  }


@article{gordon2001fuzzy,
  title={Fuzzy partition models for fitting a set of partitions},
  author={Gordon, AD and Vichi, M},
  journal={Psychometrika},
  volume={66},
  number={2},
  pages={229--247},
  year={2001},
  publisher={Springer}
}

@article{dimitriadou2002combination,
  title={A combination scheme for fuzzy clustering},
  author={Dimitriadou, Evgenia and Weingessel, Andreas and Hornik, Kurt},
  journal={International Journal of Pattern Recognition and Artificial Intelligence},
  volume={16},
  number={07},
  pages={901--912},
  year={2002},
  publisher={World Scientific}
}



%%%% other internal validity methods
@article{ball1965isodata,
  title={{ISODATA}, a novel method of data analysis and pattern classification},
  author={Ball, Geoffrey H and Hall, David J},
   journal={Technical Report, {DTIC} Document},
  year={1965},
  institution={{DTIC} Document}
}

@article{hubert1976quadratic,
  title={Quadratic assignment as a general data analysis strategy},
  author={Hubert, Lawrence and Schultz, James},
  journal={British Journal of Mathematical and Statistical Psychology},
  volume={29},
  number={2},
  pages={190--241},
  year={1976},
  publisher={Wiley Online Library}
}

@inproceedings{ray1999determination,
  title={Determination of number of clusters in k-means clustering and application in colour image segmentation},
  author={Ray, Siddheswar and Turi, Rose H},
  booktitle={Proceedings of the 4th International Conference on Advances in Pattern Recognition and Digital Techniques},
  pages={137--143},
  year={1999}
}

@article{scott1971clustering,
  title={Clustering methods based on likelihood ratio criteria},
  author={Scott, AJ and Symons, Michael J},
  journal={Biometrics},
  pages={387--397},
  year={1971},
  publisher={JSTOR}
}

@inproceedings{liu2010understanding,
  title={Understanding of internal clustering validation measures},
  author={Liu, Yanchi and Li, Zhongmou and Xiong, Hui and Gao, Xuedong and Wu, Junjie},
  booktitle={IEEE International Conference on Data Mining ({ICDM})},
  pages={911--916},
  year={2010},
  organization={IEEE}
}



  %%%%%% Silhouette width %%%%%%%%
@article{rousseeuw1987silhouettes,
  title={Silhouettes: A graphical aid to the interpretation and validation of cluster analysis},
  author={Rousseeuw, P.J.},
  journal={Journal of Computational and Applied Mathematics},
  volume={20},
  pages={53--65},
  year={1987},
  publisher={Elsevier}
}

%%%%%%%%% Dunn index %%%%%%
@article{dunn1974,
  title={Well-separated clusters and optimal fuzzy partitions},
  author={Dunn, J.C.},
  journal={Journal of Cybernetics},
  volume={4},
  number={1},
  pages={95--104},
  year={1974},
  publisher={Taylor \& Francis}
}

%%%%%%%%% Davies Bouldin index %%%%%%
@article{davies1979cluster,
  title={A cluster separation measure},
  author={Davies, D.L. and Bouldin, D.W.},
  journal={IEEE Transactions on Pattern Analysis and Machine Intelligence},
  number={2},
  pages={224--227},
  year={1979},
  publisher={IEEE}
}

%%%%%%%%% Calinski index %%%%%%
@article{calinski1974dendrite,
  title={A dendrite method for cluster analysis},
  author={Cali{\'n}ski, T. and Harabasz, J.},
  journal={Communications in Statistics-theory and Methods},
  volume={3},
  number={1},
  pages={1--27},
  year={1974},
  publisher={Taylor \& Francis}
}

%%%%%%%%% SDbw index %%%%%%
@inproceedings{halkidi2001sdbw,
  title={Clustering validity assessment: Finding the optimal partitioning of a data set},
  author={Halkidi, M. and Vazirgiannis, M.},
  booktitle={IEEE International Conference on Data Mining ({ICDM})},
  pages={187--194},
  year={2001},
  organization={IEEE}
}


%%%%% external validity methods 

@article{rand1971objective,
  title={Objective criteria for the evaluation of clustering methods},
  author={Rand, William M},
  journal={Journal of the American Statistical Association},
  volume={66},
  number={336},
  pages={846--850},
  year={1971},
  publisher={Taylor \& Francis Group}
}


@article{fowlkes1983method,
  title={A method for comparing two hierarchical clusterings},
  author={Fowlkes, Edward B and Mallows, Colin L},
  journal={Journal of the American Statistical Association},
  volume={78},
  number={383},
  pages={553--569},
  year={1983},
  publisher={Taylor \& Francis Group}
}

@book{jardine1971mathematical,
  title={Mathematical Taxonomy},
  author={Jardine, Nicholas and Sibson, Robin},
 publisher={Wiley, New York},
  year={1971}
}

@article{jaccard1901,
  title={Distribution de la flore alpine dans le bassin des drouces et dans quelques regions voisines},
  author={Jaccard, P},
  journal={Bulletin de la Soci{\'e}t{\'e} Vaudoise des Sciences Naturelles},
  volume={37},
  number={140},
  pages={241--272},
  year={1901},

}


@book{manning2008introduction,
  title={Introduction to Information Retrieval},
  author={Manning, Christopher D and Raghavan, Prabhakar and Sch{\"u}tze, Hinrich},
  volume={1},
  year={2008},
  publisher={Cambridge University Press Cambridge}
}


@article{charon2006maximum,
  title={Maximum transfer distance between partitions},
  author={Charon, Irene and Denoeud, Lucile and Gu{\'e}noche, Alain and Hudry, Olivier},
  journal={Journal of Classification},
  volume={23},
  number={1},
  pages={103--121},
  year={2006},
  publisher={Springer}
}


@article{arabie1973multidimensional,
  title={Multidimensional scaling of measures of distance between partitions},
  author={Arabie, Phipps and Boorman, Scott A},
  journal={Journal of Mathematical Psychology},
  volume={10},
  number={2},
  pages={148--203},
  year={1973},
  publisher={Elsevier}
}







%%%%%%%%%%%% Cluster distances %%%%%%%%%%%%%

@article{rubner2000earth,
  title={The earth mover's distance as a metric for image retrieval},
  author={Rubner, Yossi and Tomasi, Carlo and Guibas, Leonidas J},
  journal={International Journal of Computer Vision},
  volume={40},
  number={2},
  pages={99--121},
  year={2000},
  publisher={Springer}
}

@article{zimmerman2011,
  title={A computational approach to identification and comparison of cell subsets in flow cytometry data},
  author={Zimmerman, N.},
  journal={Doctoral Dissertation},
  year={2011}
}

@article{jeffreys1946invariant,
  title={An invariant form for the prior probability in estimation problems},
  author={Jeffreys, Harold},
  journal={Proceedings of the Royal Society of London. Series A. Mathematical and Physical Sciences},
  volume={186},
  number={1007},
  pages={453--461},
  year={1946},
  publisher={The Royal Society}
}


@article{mclachlan1999mahalanobis,
  title={Mahalanobis distance},
  author={McLachlan, GJ},
  journal={Resonance},
  volume={4},
  number={6},
  pages={20--26},
  year={1999},
  publisher={Springer India, in co-publication with Indian Academy of Sciences}
}



@article{massey1951kolmogorov,
  title={The Kolmogorov-Smirnov test for goodness of fit},
  author={Massey Jr, Frank J},
  journal={Journal of the American Statistical Association},
  volume={46},
  number={253},
  pages={68--78},
  year={1951},
  publisher={Taylor \& Francis Group}
}

@article{smirnov1948table,
  title={Table for estimating the goodness of fit of empirical distributions},
  author={Smirnov, Nickolay},
  journal={The Annals of Mathematical Statistics},
  volume={19},
  number={2},
  pages={279--281},
  year={1948},
  publisher={JSTOR}
}



%%%%%%%%%%%% Cluster matching %%%%%%%%%%%%%



@article{azad2010identifying,
  title={Identifying rare cell populations in comparative flow cytometry},
  author={Azad, Ariful and Langguth, Johannes and Fang, Youhan and Qi, Alan and Pothen, Alex},
  journal={Lecture Notes in Computer Science},
   Volume={6293},
  pages={162--175},
  year={2010},
  publisher={Springer}
}

@article{azad2016immunophenotype,
  title={Immunophenotype discovery, hierarchical organization, and template-based classification of flow cytometry samples},
  author={Azad, Ariful and Rajwa, Bartek and Pothen, Alex},
  journal={Frontiers in oncology},
  volume={6},
  pages={188},
  year={2016},
  publisher={Frontiers}
}

@article{azad2016flowvs,
  title={flowVS: channel-specific variance stabilization in flow cytometry},
  author={Azad, Ariful and Rajwa, Bartek and Pothen, Alex},
  journal={BMC bioinformatics},
  volume={17},
  number={1},
  pages={1--14},
  year={2016},
  publisher={BioMed Central}
}


@article{azad2012matching,
  title={Matching phosphorylation response patterns of antigen-receptor-stimulated {T} cells via flow cytometry},
  author={Azad, A. and Pyne, S. and Pothen, A.},
  journal={{BMC} Bioinformatics},
  volume={13},
  number={Suppl 2},
  pages={S10},
  year={2012},
  publisher={BioMed Central Ltd}
}

@inproceedings{azad2013classifying,
  title={Classifying immunophenotypes with templates from flow cytometry},
  author={Azad, Ariful and Khan, Arif and Rajwa, Bartek and Pyne, Saumyadipta and Pothen, Alex},
  booktitle={Proceedings of the International Conference on Bioinformatics, Computational Biology and Biomedical Informatics ({ACM BCB})},
  pages={256},
  year={2013},
  organization={ACM}
}


@book{schrijver2003combinatorial,
  title={Combinatorial Optimization: Polyhedra and Efficiency},
  author={Schrijver, Alexander},
  volume={24},
  year={2003},
  publisher={Springer}
}


@inproceedings{zeng2002matching,
  title={Matching of flow-cytometry histograms using information theory in feature space},
  author={Zeng, Qing and Wand, Matthew and Young, Alan J and Rawn, James and Milford, Edgar L and Mentzer, Steven J and Greenes, Robert A},
  booktitle={Proceedings of the AMIA Symposium},
  pages={929},
  year={2002},
  organization={American Medical Informatics Association}
}



@article{zeng2007feature,
  title={Feature-guided clustering of multi-dimensional flow cytometry datasets},
  author={Zeng, Qing T and Pratt, Juan Pablo and Pak, Jane and Ravnic, Dino and Huss, Harold and Mentzer, Steven J},
  journal={Journal of Biomedical Informatics},
  volume={40},
  number={3},
  pages={325--331},
  year={2007},
  publisher={Elsevier}
}





@article{sharan2006modeling,
  title={Modeling cellular machinery through biological network comparison},
  author={Sharan, Roded and Ideker, Trey},
  journal={Nature Biotechnology},
  volume={24},
  number={4},
  pages={427--433},
  year={2006},
  publisher={Nature Publishing Group}
}

@article{singh2008global,
  title={Global alignment of multiple protein interaction networks with application to functional orthology detection},
  author={Singh, Rohit and Xu, Jinbo and Berger, Bonnie},
  journal={Proceedings of the National Academy of Sciences},
  volume={105},
  number={35},
  pages={12763--12768},
  year={2008},
  publisher={National Acad Sciences}
}


@article{gusfield2002partition,
  title={Partition-distance: A problem and class of perfect graphs arising in clustering},
  author={Gusfield, Dan},
  journal={Information Processing Letters},
  volume={82},
  number={3},
  pages={159--164},
  year={2002},
  publisher={Elsevier}
}

@article{konovalov2005partition,
  title={Partition-distance via the assignment problem},
  author={Konovalov, Dmitry A and Litow, Bruce and Bajema, Nigel},
  journal={Bioinformatics},
  volume={21},
  number={10},
  pages={2463--2468},
  year={2005},
  publisher={Oxford Univ Press}
}



@book{papadimitriou1998combinatorial,
  title={Combinatorial Optimization: Algorithms and Complexity},
  author={Papadimitriou, Christos H and Steiglitz, Kenneth},
  year={1998},
  publisher={Courier Dover Publications}
}

@book{gary1979computers,
  title={Computers and Intractability: A Guide to the Theory of NP-completeness},
  author={Gary, Michael R and Johnson, David S},
  year={1979},
  publisher={WH Freeman and Company, New York}
}


%%%%%%%%%%%% metaclustering %%%%%%%%%%%%%


@article{farber1997differential,
  title={Differential {T} cell receptor-mediated signaling in naive and memory {CD4} {T} cells},
  author={Farber, D.L. and Acuto, O. and Bottomly, K.},
  journal={European Journal of Immunology},
  volume={27},
  number={8},
  pages={2094--2101},
  year={1997},
  publisher={Wiley Online Library}
}

@article{young1997vitro,
  title={In vitro responses of human $CD45R0^{bright}RA^-$ and $CD45R0^- RA^{bright}$ T cell subsets and their relationship to memory and naive T cells},
  author={Young, J.L. and Ramage, J.M. and Gaston, JS and Beverley, P.C.L.},
  journal={European Journal of Immunology},
  volume={27},
  number={9},
  pages={2383--2390},
  year={1997},
  publisher={Wiley Online Library}
}

@article{antoniak1974mixtures,
  title={Mixtures of Dirichlet processes with applications to Bayesian nonparametric problems},
  author={Antoniak, C.E.},
  journal={The Annals of Statistics},
  volume={2},
  number={6},
  pages={1152--1174},
  year={1974},
  publisher={JSTOR}
}

@article{neal2000markov,
  title={Markov chain sampling methods for Dirichlet process mixture models},
  author={Neal, R.M.},
  journal={Journal of Computational and Graphical Statistics},
  volume={9},
  number={2},
  pages={249--265},
  year={2000},
  publisher={JSTOR}
}

@article{kullback1951information,
  title={On information and sufficiency},
  author={Kullback, S. and Leibler, R.A.},
  journal={The Annals of Mathematical Statistics},
  volume={22},
  number={1},
  pages={79--86},
  year={1951},
  publisher={JSTOR}
}

@book{Dress+:book,
author={Andreas Dress and Katharina T.~Huber and Jacobus Koolen and Vincent Moulton and 
Andreas Spillner}, 
title={Basic Phylogenetic Combinatorics}, 
publisher={Cambridge University Press}, 
year={2012}
}

%%%%%  homogeneity of metaclusters %%%%%%%%%%%%%%%%%%
@book{cohen1988book,
  title={Statistical {P}ower {A}nalysis for the {B}ehavioral {S}ciences},
  author={Cohen, J.},
  year={1988},
  publisher={Lawrence Erlbaum}
}


@article{steiger2004beyond,
  title={Beyond the F test: Effect size confidence intervals and tests of close fit in the analysis of variance and contrast analysis.},
  author={Steiger, J.H.},
  journal={Psychological Methods},
  volume={9},
  number={2},
  pages={164},
  year={2004},
  publisher={American Psychological Association}
}


@article{kelley2007confidence,
  title={Confidence intervals for standardized effect sizes: Theory, application, and implementation},
  author={Kelley, K.},
  journal={Journal of Statistical Software},
  volume={20},
  number={8},
  pages={1--24},
  year={2007},
  publisher={American Statistical Association}
}

@article{kelley2007methods,
  title={Methods for the behavioral, educational, and social sciences ({MBESS}): An {R} package},
  author={Kelley, Ken},
  journal={Behavior Research Methods},
  volume={39},
  number={4},
  pages={979--984},
  year={2007},
  publisher={Springer}
}


@article{fleishman1980confidence,
  title={Confidence intervals for correlation ratios},
  author={Fleishman, A.I.},
  journal={Educational and Psychological Measurement},
  volume={40},
  number={3},
  pages={659--670},
  year={1980},
  publisher={Sage Publications}
}

@book{bishop2006pattern,
  title={Pattern Recognition and Machine Learning},
  author={Bishop, Christopher M and Nasrabadi, Nasser M},
  volume={1},
  year={2006},
  publisher={Springer New York}
}


@article{hughes1972approximating,
  title={Approximating the percentage points of {H}otelling's generalized {T}$^2_0$ statistic},
  author={Hughes, David T and Saw, John G},
  journal={Biometrika},
  volume={59},
  number={1},
  pages={224--226},
  year={1972},
  publisher={Biometrika Trust}
}

@article{pillai1959hotelling,
  title={On {H}otelling's generalization of {T}$^2$},
  author={Pillai, KC Sreedharan and Samson Jr, Pablo},
  journal={Biometrika},
  pages={160--168},
  year={1959},
  publisher={JSTOR}
}

@article{hotelling1931generalization,
  title={The generalization of student's ratio},
  author={Hotelling, Harold},
  journal={The Annals of Mathematical Statistics},
  pages={360--378},
  year={1931},
  publisher={JSTOR}
}

@book{seber1984multivariate,
  title={Multivariate Observations},
  author={Seber, George Arthur Frederick},
  volume={41},
  year={1984},
  publisher={Wiley New York etc.}
}

@article{ito1964robustness,
  title={On the robustness of the {T}$_0^2$ test in multivariate analysis of variance when variance-covariance matrices are not equal},
  author={Ito, Koichi and Schull, William J},
  journal={Biometrika},
  volume={51},
  number={1-2},
  pages={71--82},
  year={1964},
  publisher={Biometrika Trust}
}

@article{steyn2009estimating,
  title={Estimating an effect size in one-way multivariate analysis of variance ({MANOVA})},
  author={Steyn Jr, HS and Ellis, SM},
  journal={Multivariate Behavioral Research},
  volume={44},
  number={1},
  pages={106--129},
  year={2009},
  publisher={Taylor \& Francis}
}


@book{johnson2002applied,
  title={Applied Multivariate Statistical Analysis},
  author={Johnson, Richard Arnold and Wichern, Dean W},
  volume={5},
  year={2002},
  publisher={Prentice hall Upper Saddle River, NJ}
}


@book{brent1973algorithms,
  title={Algorithms for minimization without derivatives},
  author={Brent, Richard P},
  year={1973},
  publisher={Courier Dover Publications}
}


@article{kiefer1953sequential,
  title={Sequential minimax search for a maximum},
  author={Kiefer, Jack},
  journal={Proceedings of the American Mathematical Society},
  volume={4},
  number={3},
  pages={502--506},
  year={1953},
  publisher={JSTOR}
}


%%%%%%%%%%



@article{maier2007allelic,
  title={Allelic variant in {CTLA4} alters {T} cell phosphorylation patterns},
  author={Maier, L.M. and Anderson, D.E. and De Jager, P.L. and Wicker, L.S. and Hafler, D.A.},
  journal={Proceedings of the National Academy of Sciences},
  volume={104},
  number={47},
  pages={18607},
  year={2007},
  publisher={National Acad Sciences}
}


@article{Brockmeyer+:phosphorylation,
  title={{T Cell Receptor ({TCR})-induced tyrosine phosphorylation dynamics identifies {THEMIS} as a new 
{TCR} signalosome component}}, 
  author={Claudia Brockmeyer and Wolfgang Paster and David Pepper and others}, 
  journal={Journal of Biological Chemistry}, 
  volume={286},
  number={9},
  pages={7535--7547},
  year={2011}
}


@article{ahmadzadeh2001heterogeneity,
  title={Heterogeneity of the memory {CD4} {T} cell response: Persisting effectors and resting memory {T} cells},
  author={Ahmadzadeh, M. and Hussain, S.F. and Farber, D.L.},
  journal={The Journal of Immunology},
  volume={166},
  number={2},
  pages={926},
  year={2001},
  publisher={Am Assoc Immnol}
}

@article{ahmadzadeh1999effector,
  title={Effector {CD4} {T} cells are biochemically distinct from the memory subset: Evidence for long-term persistence of effectors in vivo},
  author={Ahmadzadeh, M. and Hussain, S.F. and Farber, D.L.},
  journal={The Journal of Immunology},
  volume={163},
  number={6},
  pages={3053},
  year={1999},
  publisher={Am Assoc Immnol}
}


@book{macey2007flow,
  title={Flow Cytometry: Principles and Applications},
  author={Macey, M.G.},
  year={2007},
  publisher={Humana Pr.~Inc.}
}



%%%%%%% template based classification 

@article{connell2001template,
  title={Template-based online character recognition},
  author={Connell, Scott D and Jain, Anil K},
  journal={Pattern Recognition},
  volume={34},
  number={1},
  pages={1--14},
  year={2001},
  publisher={Elsevier}
}

@article{brunelli1993face,
  title={Face recognition: Features versus templates},
  author={Brunelli, Roberto and Poggio, Tomaso},
  journal={IEEE Transactions on Pattern Analysis and Machine Intelligence},
  volume={15},
  number={10},
  pages={1042--1052},
  year={1993},
  publisher={IEEE}
}

@article{de2007template,
  title={Template-based continuous speech recognition},
  author={De Wachter, Mathias and Matton, Mike and Demuynck, Kris and Wambacq, Patrick and Cools, Ronald and Van Compernolle, Dirk},
  journal={IEEE Transactions on Audio, Speech, and Language Processing},
  volume={15},
  number={4},
  pages={1377--1390},
  year={2007},
  publisher={IEEE}
}

@inproceedings{deng2007structure,
  title={Structure-based and template-based automatic speech recognition-comparing parametric and nonparametric approaches},
  author={Deng, Li and Strik, Helmer and others},
  booktitle={Proceedings of Interspeech},
  pages={898--901},
  year={2007}
}






@article{thompson1994clustal,
  title={{CLUSTAL W}: Improving the sensitivity of progressive multiple sequence alignment through sequence weighting, position-specific gap penalties and weight matrix choice},
  author={Thompson, J.D. and Higgins, D.G. and Gibson, T.J.},
  journal={Nucleic Acids Research},
  volume={22},
  number={22},
  pages={4673--4680},
  year={1994},
  publisher={Oxford Univ Press}
}


@article{feng1987progressive,
  title={Progressive sequence alignment as a prerequisite to correct phylogenetic trees},
  author={Feng, D.F. and Doolittle, R.F.},
  journal={Journal of Molecular Evolution},
  volume={25},
  number={4},
  pages={351--360},
  year={1987},
  publisher={Springer}
}


@article{gotoh1990consistency,
  title={Consistency of optimal sequence alignments},
  author={Gotoh, O.},
  journal={Bulletin of Mathematical Biology},
  volume={52},
  number={4},
  pages={509--525},
  year={1990},
  publisher={Springer}
}


@article{notredame2000t,
  title={T-Coffee: A novel method for fast and accurate multiple sequence alignment},
  author={Notredame, C. and Higgins, D.G. and Heringa, J. and others},
  journal={Journal of Molecular Biology},
  volume={302},
  number={1},
  pages={205--218},
  year={2000},
  publisher={London, New York, Academic Press.}
}

@article{edgar2004muscle,
  title={{MUSCLE}: Multiple sequence alignment with high accuracy and high throughput},
  author={Edgar, R.C.},
  journal={Nucleic Acids Research},
  volume={32},
  number={5},
  pages={1792--1797},
  year={2004},
  publisher={Oxford Univ Press}
}




@inproceedings{azad2011computing,
  title={Computing maximum matching in parallel on bipartite graphs: Worth the effort?},
  author={Azad, A. and Halappanavar, M. and Dobrian, F. and Pothen, A.},
  booktitle={Proceedings of the First Workshop on Irregular Applications: Architectures and Algorithm},
  pages={11--14},
  year={2011},
  organization={ACM}
}

@inproceedings{azad2012ipdps,
  title={Multithreaded algorithms for maximum matching in bipartite graphs},
  author={Azad, Ariful and Halappanavar, Mahantesh and Rajamanickam, Sivasankaran and Boman, Erik G and Khan, Arif and Pothen, Alex},
  booktitle={{IEEE} Parallel \& Distributed Processing Symposium ({IPDPS})},
  pages={860--872},
  year={2012},
  organization={IEEE}
}


@inproceedings{azad2012multithreaded,
  title={Multithreaded Algorithms for Matching in Graphs with Application to Data Analysis in Flow Cytometry},
  author={Azad, Ariful and Pothen, Alex},
  booktitle={{IEEE} Parallel and Distributed Processing Symposium Workshops \& PhD Forum ({IPDPSW})},
  pages={2494--2497},
  year={2012},
  organization={IEEE}
}



@BOOK{Givan:flow_book,
	AUTHOR = "Alice L. Givan",
	TITLE = "Flow Cytometry: First Principles",
	PUBLISHER = "Addison-Wesley Publishing Company",
	ADDRESS = "Hoboken, NJ",
	YEAR = "2001"	}

@BOOK{Watson:flow_data_book,
	AUTHOR = "James V. Watson",
	TITLE = "Flow Cytometry Data Analysis: Basic Concepts and Statistics",
	PUBLISHER = "Cambridge University Press",
	ADDRESS = "New York",
	YEAR = "1992"	}


@article{Herzenberg:nature_flow,
  title={Interpreting flow cytometry data: a guide for the perplexed},
  author={Herzenberg, Leonore A and Tung, James and Moore, Wayne A and Herzenberg, Leonard A and Parks, David R},
  journal={Nature Immunology},
  volume={7},
  number={7},
  pages={681--685},
  year={2006},
  publisher={New York: Nature America}
}


@ARTICLE{Rosa:nature_flow_med,
	AUTHOR = "S. De Rosa and J. Brenchley and M. Roederer",
	TITLE = "Beyond six colors: A new era in flow cytometry",
	JOURNAL = "Nature Medicine",
	VOLUME = {9},
	NUMBER = {1},
	PAGES = {112-117},
	MONTH = "July",
	YEAR = {2003}	}




@ARTICLE{Meur:classification_flow,
	AUTHOR = "N. Meur and A. Rossini and M. Gasparetto and C. Smith and R. Brinkman and R. Gentleman",
	TITLE = "Data quality assessment of ungated flow cytometry data in high throughput experiments",
	JOURNAL = "Cytometry A",
	VOLUME = {71A},
	NUMBER = {},
	PAGES = {393--403},
	MONTH = "March",
	YEAR = {2007}	}

@ARTICLE{Kim:DPM,
	AUTHOR = "S. Kim and M. Tadesse and M. Vannucci",
	TITLE = "Variable selection in clustering via Dirichlet process mixture models",
	JOURNAL = "Biometrica",
	VOLUME = {93},
	NUMBER = {4},
	PAGES = {877-893},
	MONTH = "March",
	YEAR = {2006}	}

@ARTICLE{DPM:Antoniak,
	AUTHOR = "C. E. Antoniak",
	TITLE = "Mixtures of Dirichlet Processes with Applications to Bayesian Nonparametric Problems",
	JOURNAL = "Annals of Statistics",
	VOLUME = {2},
	NUMBER = {6},
	PAGES = {1152-1174},
	MONTH = "",
	YEAR = {1974}	}

@ARTICLE{Neal:DPM,
	AUTHOR = "R. Neal",
	TITLE = "Markov Chain Sampling Methods for Dirichlet Process Mixture Models",
	JOURNAL = "Journal of Computational and Graphical Statistics",
	VOLUME = {9},
	NUMBER = {},
	PAGES = {249-265},
	MONTH = "March",
	YEAR = {2000}	}

@ARTICLE{DPM:Ferguson,
	AUTHOR = "T. S. Ferguson",
	TITLE = "A Bayesin Analysis of Some Nonparametric Problems",
	JOURNAL = "The Annals of Statistics",
	VOLUME = {1},
	NUMBER = {},
	PAGES = {209-230},
	MONTH = "",
	YEAR = {1973}	}




@ARTICLE{DPM:Medvedovic_2004,
	AUTHOR = "M. Medvedovic and  K. Y. Yeung and  R. E. Bumgarner",
	TITLE = "Bayesian mixture model based clustering of replicated microarray data",
	JOURNAL = "Bioinformatics",
	VOLUME = {20},
	NUMBER = {8},
	PAGES = {1222-1232},
	MONTH = "",
	YEAR = {2004}	}

@ARTICLE{DPM:Rasmussen_2009,
	AUTHOR = " C. Rasmussen and B. de la Cruz and Z. Ghahramani and D. L. Wild",
	TITLE = "Modeling and visualizing uncertainty in gene expression clusters using Dirichlet process mixtures",
	JOURNAL = "IEEE/ACM Transactions on Computational Biology and Bioinformatics",
	VOLUME = {6},
	NUMBER = {6},
	PAGES = {615-628},
	MONTH = "October",
	YEAR = {2009}	}




@BOOK{Kullback:KL,
	AUTHOR = "Solomon Kullback",
	TITLE = "Information Theory and Statistics",
	PUBLISHER = "Dover Publications Inc.",
	ADDRESS = "Mineola,New York",
	YEAR = "1968"	}



@article{dempster1977maximum,
  title={Maximum likelihood from incomplete data via the EM algorithm},
  author={Dempster, A.P. and Laird, N.M. and Rubin, D.B.},
  journal={Journal of the Royal Statistical Society. Series B (Methodological)},
  pages={1--38},
  year={1977},
  publisher={JSTOR}
}







%%%%%%%%%%%%%%%%   AML related %%%%%%%%%%%%


%%%%%%%%%%%%%%% AML immunophenotypes

@misc{dream_AML,
  title = {{DREAM6/FlowCAP2} Molecular Classification of Acute Myeloid Leukaemia Challenge},
  howpublished = {http://www.the-dream-project.org/},
  note = {Accessed: 2013-12-25}
}

@article{legrand2000immunophenotype,
  title={The immunophenotype of 177 adults with acute myeloid leukemia: proposal of a prognostic score},
  author={Legrand, Ollivier and Perrot, Jean-Yves and Baudard, Marion and Cordier, Annie and Lautier, R{\'e}gine and Simonin, Ghislaine and Zittoun, Robert and Casadevall, Nicole and Marie, Jean-Pierre},
  journal={Blood},
  volume={96},
  number={3},
  pages={870--877},
  year={2000},
  publisher={American Society of Hematology}
}


@article{mason2006immunophenotype,
  title={The immunophenotype of acute myeloid leukemia: is there a relationship with prognosis?},
  author={Mason, Kylie D and Juneja, Surender K and Szer, Jeff},
  journal={Blood Reviews},
  volume={20},
  number={2},
  pages={71--82},
  year={2006},
  publisher={Elsevier}
}


@article{bene2005immunophenotyping,
  title={Immunophenotyping of acute leukaemias},
  author={B{\'e}n{\'e}, Marie C},
  journal={Immunology Letters},
  volume={98},
  number={1},
  pages={9--21},
  year={2005},
  publisher={Elsevier}
}


@article{riemann1999cd13,
  title={{CD13}--not just a marker in leukemia typing},
  author={Riemann, Dagmar and Kehlen, Astrid and Langner, J{\"u}rgen},
  journal={Immunology Today},
  volume={20},
  number={2},
  pages={83--88},
  year={1999},
  publisher={Elsevier}
}


@article{raspadori2001cd56,
  title={{CD56} antigenic expression in acute myeloid leukemia identifies patients with poor clinical prognosis},
  author={Raspadori, D and Damiani, D and Lenoci, M and Rondelli, D and Testoni, N and Nardi, G and Sestigiani, C and Mariotti, C and Birtolo, S and Tozzi, M and others},
  journal={Leukemia},
  volume={15},
  number={8},
  pages={1161--1164},
  year={2001},
  publisher={Nature Publishing Group}
}



@article{campana2000immunophenotyping,
  title={Immunophenotyping of leukemia},
  author={Campana, Dario and Behm, Frederick G},
  journal={Journal of Immunological Methods},
  volume={243},
  number={1},
  pages={59--75},
  year={2000},
  publisher={Elsevier}
}


@article{walter2010aberrant,
  title={Aberrant expression of {CD19} in {AML} with t (8; 21) involves a poised chromatin structure and PAX5},
  author={Walter, K and Cockerill, PN and Barlow, R and Clarke, D and Hoogenkamp, M and Follows, GA and Richards, SJ and Cullen, MJ and Bonifer, C and Tagoh, H},
  journal={Oncogene},
  volume={29},
  number={20},
  pages={2927--2937},
  year={2010},
  publisher={Nature Publishing Group}
}


@article{kita1992phenotypical,
  title={Phenotypical characteristics of acute myelocytic leukemia associated with the t (8; 21)(q22; q22) chromosomal abnormality: frequent expression of immature {B}-cell antigen {CD19} together with stem cell antigen {CD34}},
  author={Kita, Kenkichi and Nakase, Kazunori and Miwa, Hiroshi and Masuya, Masahiro and Nishii, Kazuhiro and Morita, Norihisa and Takakura, Nobuyuki and Otsuji, Akira and Shirakawa, Shigeru and Ueda, Takanori},
  journal={Blood},
  volume={80},
  number={2},
  pages={470--477},
  year={1992},
  publisher={American Society of Hematology}
}



@article{reuss1994aml,
  title={{AML}: immunophenotypic heterogeneity and prognostic significance of c-kit expression},
  author={Reuss-Borst, MA and B{\"u}hring, HJ and Schmidt, H and M{\"u}ller, CA},
  journal={Leukemia},
  volume={8},
  number={2},
  pages={258--263},
  year={1994}
}



@article{keyhani2000increased,
  title={Increased {CD38} expression is associated with favorable prognosis in adult acute leukemia},
  author={Keyhani, Afsaneh and Huh, Yang O and Jendiroba, David and Pagliaro, Lance and Cortez, Jorge and Pierce, Sherry and Pearlman, Michael and Estey, Elihu and Kantarjian, Hagop and Freireich, Emil J},
  journal={Leukemia Research},
  volume={24},
  number={2},
  pages={153--159},
  year={2000},
  publisher={Elsevier}
}



@article{paietta2003expression,
  title={Expression of cell-surface antigens in acute promyelocytic leukaemia},
  author={Paietta, Elisabeth},
  journal={Best Practice \& Research Clinical Haematology},
  volume={16},
  number={3},
  pages={369--385},
  year={2003},
  publisher={Elsevier}
}




@article{bennett1985proposed,
  title={Proposed revised criteria for the classification of acute myeloid leukemia: A report of the {French-American-British Cooperative Group}},
  author={Bennett, John M and Catovsky, Daniel and Daniel, Marie T and Flandrin, George and Galton, David Ag and Gralnick, Harvey R and Sultan, Claude},
  journal={Annals of Internal Medicine},
  volume={103},
  number={4},
  pages={620--625},
  year={1985},
  publisher={Am Coll Physicians}
}





@article{estey2006acute,
  title={Acute myeloid leukaemia},
  author={Estey, Elihu and D{\"o}hner, Hartmut},
  journal={The Lancet},
  volume={368},
  number={9550},
  pages={1894--1907},
  year={2006},
  publisher={Elsevier}
}



%%%%%%%%%%%%%%%%%%%%%%%
%% papers related to flowCAP AML data %%
%%%%%%%%%%%%%%%%%%%%%%%

@article{biehl2013analysis,
  title={Analysis of flow cytometry data by matrix relevance learning vector quantization},
  author={Biehl, Michael and Bunte, Kerstin and Schneider, Petra},
  journal={{PLoS} One},
  volume={8},
  number={3},
  pages={e59401},
  year={2013},
  publisher={Public Library of Science}
}


@article{manninen2013leukemia,
  title={Leukemia prediction using sparse logistic regression},
  author={Manninen, Tapio and Huttunen, Heikki and Ruusuvuori, Pekka and Nykter, Matti},
  journal={{PLoS} One},
  volume={8},
  number={8},
  pages={e72932},
  year={2013},
  publisher={Public Library of Science}
}


@article{qiu2012inferring,
  title={Inferring phenotypic properties from single-cell characteristics},
  author={Qiu, Peng},
  journal={{PLoS} One},
  volume={7},
  number={5},
  pages={e37038},
  year={2012},
  publisher={Public Library of Science}
}





%%%%%% others 

@Manual{manual_flowMatch,
    title = {flowMatch: Matching and meta-clustering in flow cytometry},
    author = {Ariful Azad},
    year = {2013},
    note = {R package version 0.99.2},
  }


@article{azad2014immunophenotypes,
  title={Immunophenotypes of Acute Myeloid Leukemia From Flow Cytometry Data Using Templates},
  author={Azad, Ariful and Rajwa, Bartek and Pothen, Alex},
  journal={Submitted},
  year={2014}
}

@article{azad2014flowMatch,
  title={{flowMatch}: {A}n Algorithmic Pipeline for Flow Cytometry Data Analysis},
  author={Azad, Ariful and Rajwa, Bartek and Pothen, Alex},
  journal={Submitted},
  year={2014}
}



@article{waddell2009resampling,
  title={Resampling Residuals: Robust Estimators of Error and Fit for Evolutionary Trees and Phylogenomics},
  author={Waddell, Peter J and Azad, Ariful},
  journal={arXiv preprint arXiv:0912.5288},
  year={2009}
}

@article{waddell2010resampling,
  title={Resampling Residuals on Phylogenetic Trees: Extended Results},
  author={Waddell, Peter J and Azad, Ariful and Khan, Ishita},
  journal={arXiv preprint arXiv:1101.0020},
  year={2010}
}


